<?xml version="1.0" encoding="UTF-8"?><collection xmlns="http://www.loc.gov/MARC21/slim"><record><leader>00419nam--2200145-i-4500</leader><controlfield tag="001">000001234</controlfield><controlfield tag="002">20161230</controlfield><controlfield tag="005">20161230201024</controlfield><controlfield tag="008">060222s1000------------r-----000-0-eng-d</controlfield><datafield ind1=" " ind2=" " tag="080"><subfield code="a">536</subfield></datafield><datafield ind1=" " ind2=" " tag="100"><subfield code="a">Hellman, Olavi</subfield></datafield><datafield ind1=" " ind2=" " tag="245"><subfield code="a">A certain stochastic heat flow problem</subfield></datafield><datafield ind1=" " ind2=" " tag="260"><subfield code="a">Turku, Turun Yliopisto, 1960. 8 P</subfield></datafield><datafield ind1=" " ind2=" " tag="490"><subfield code="a">Annales Univ.Turku, Series A: I.Astron., Chemica, Physica, Mathematica,Nr.43</subfield></datafield><datafield ind1=" " ind2=" " tag="852"><subfield code="a">6366</subfield></datafield></record></collection>